@inproceedings{abam2009kinetic,
  title={Kinetic spanners in $\mathbb{R}^{d}$},
  author={Abam, Mohammad Ali and de Berg, Mark},
  booktitle={Proceedings of the twenty-fifth annual symposium on Computational geometry},
  pages={43--50},
  year={2009},
  organization={ACM}
}
@article{abu2011minimum,
  title={Minimum power energy spanners in wireless ad hoc networks},
  author={Abu-Affash, A Karim and Aschner, Rom and Carmi, Paz and Katz, Matthew J},
  journal={Wireless Networks},
  volume={17},
  number={5},
  pages={1251--1258},
  year={2011},
  publisher={Springer-Verlag New York, Inc.}
}
@article{shpungin2010near,
  title={Near-optimal multicriteria spanner constructions in wireless ad hoc networks},
  author={Shpungin, Hanan and Segal, Michael},
  journal={IEEE/ACM Transactions on Networking (TON)},
  volume={18},
  number={6},
  pages={1963--1976},
  year={2010},
  publisher={IEEE Press}
}
@phdthesis{el2009yao,
  title={Yao spanners for wireless ad hoc networks},
  author={El Molla, Nawar M},
  year={2009},
  school={Villanova University}
}
@inproceedings{zhu2011cooperative,
  title={Cooperative energy spanners: energy-efficient topology control in cooperative ad hoc networks},
  author={Zhu, Ying and Huang, Minsu and Chen, Siyuan and Wang, Yu},
  booktitle={INFOCOM, 2011 Proceedings IEEE},
  pages={231--235},
  year={2011},
  organization={IEEE}
}
@article{callahan1995decomposition,
  title={A decomposition of multidimensional point sets with applications to k-nearest-neighbors and n-body potential fields},
  author={Callahan, Paul B and Kosaraju, S Rao},
  journal={Journal of the ACM (JACM)},
  volume={42},
  number={1},
  pages={67--90},
  year={1995},
  publisher={ACM}
}
@inproceedings{clarkson1987approximation,
  title={Approximation algorithms for shortest path motion planning},
  author={Clarkson, Ken},
  booktitle={Proceedings of the nineteenth annual ACM symposium on Theory of computing},
  pages={56--65},
  year={1987},
  organization={ACM}
}
@article{yao1982constructing,
  title={On constructing minimum spanning trees in k-dimensional spaces and related problems},
  author={Yao, Andrew Chi-Chih},
  journal={SIAM Journal on Computing},
  volume={11},
  number={4},
  pages={721--736},
  year={1982},
  publisher={SIAM}
}
@incollection{gudmundsson2000improved,
  title={Improved greedy algorithms for constructing sparse geometric spanners},
  author={Gudmundsson, Joachim and Levcopoulos, Christos and Narasimhan, Giri},
  booktitle={Algorithm Theory-SWAT 2000},
  pages={314--328},
  year={2000},
  publisher={Springer}
}
@article{althofer1993sparse,
  title={On sparse spanners of weighted graphs},
  author={Alth{\"o}fer, Ingo and Das, Gautam and Dobkin, David and Joseph, Deborah and Soares, Jos{\'e}},
  journal={Discrete \& Computational Geometry},
  volume={9},
  number={1},
  pages={81--100},
  year={1993},
  publisher={Springer}
}